<collection xmlns="http://www.loc.gov/MARC21/slim">
<record>
  <leader>01552nam0a22002411i 450 </leader>
  <controlfield tag="001">IT\ICCU\CNCE\073059</controlfield>
  <controlfield tag="005">20080522000000.0</controlfield>
  <datafield tag="012" ind1=" " ind2=" ">
    <subfield code="a">e,on equm a-ut m-me (C) 1591 (R)</subfield>
    <subfield code="2">fei</subfield>
  </datafield>
  <datafield tag="100" ind1=" " ind2=" ">
    <subfield code="a">20080522d1591        0itac0103    ba</subfield>
  </datafield>
  <datafield tag="101" ind1=" " ind2=" ">
    <subfield code="a">LAT</subfield>
  </datafield>
  <datafield tag="102" ind1=" " ind2=" ">
    <subfield code="a">IT</subfield>
  </datafield>
  <datafield tag="200" ind1="1" ind2=" ">
    <subfield code="a">℗Alfonsi Rainoldi ... ℗Oratio. Ad sanctissimum d.n. Gregorium 14. pont. max. Habita dum vna cum quinque alijs viris primarijs, sexaginta virorum concilij generalis ciuitatis Mediolanensis nomine, eidem ad summum pontificatum assumpto, in publico concistorio gratularetur. Die 12. Februarij. Anno 1591</subfield>
  </datafield>
  <datafield tag="210" ind1=" " ind2=" ">
    <subfield code="a">Mediolani</subfield>
    <subfield code="c">ex typographia Iacobi Piccalei</subfield>
    <subfield code="d">&amp; Gratiadei Ferioli</subfield>
    <subfield code="d">1591</subfield>
  </datafield>
  <datafield tag="215" ind1=" " ind2=" ">
    <subfield code="a">\4! c.</subfield>
    <subfield code="d">4o</subfield>
  </datafield>
  <datafield tag="300" ind1=" " ind2=" ">
    <subfield code="a">ANNULLATA !!!! vedi 50016Stemma di papa Gregorio 14. sul front. -  Fregi e iniz. xilogr. -  Segn.: Áþ. -  A c. A4r la risposta di ringraziamento a nome del papa del segretario apostolico Marcello Vestri Barbiano: Marcelli Vestrii Barbiani ... S.D.N. Gregorii pp. 14. nomine, responsio. - SC/BVE 21/02/02 IT\ICCU\BVEV\023706</subfield>
  </datafield>
  <datafield tag="620" ind1=" " ind2=" ">
    <subfield code="a">IT</subfield>
    <subfield code="d">Milano</subfield>
  </datafield>
  <datafield tag="700" ind1=" " ind2="1">
    <subfield code="a">Rainoldi,</subfield>
    <subfield code="b">Alfonso</subfield>
    <subfield code="3">IT\ICCU\CNCA\006789</subfield>
  </datafield>
  <datafield tag="702" ind1=" " ind2="1">
    <subfield code="a">Vestri Barbiani,</subfield>
    <subfield code="b">Marcello</subfield>
    <subfield code="3">IT\ICCU\CNCA\009695</subfield>
  </datafield>
  <datafield tag="712" ind1="0" ind2="0">
    <subfield code="a">Piccaglia, Giacomo &amp; Ferioli, Graziadio</subfield>
    <subfield code="3">IT\ICCU\CNCT\001034</subfield>
    <subfield code="4">650</subfield>
  </datafield>
  <datafield tag="790" ind1=" " ind2="1">
    <subfield code="a">Barbiani,</subfield>
    <subfield code="b">Marcello Vestrio</subfield>
    <subfield code="3">IT\ICCU\CNCA\025667</subfield>
    <subfield code="z">Vestri Barbiani, Marcello</subfield>
  </datafield>
  <datafield tag="791" ind1="0" ind2="0">
    <subfield code="a">Picaleus, Iacobus &amp; Feriolus, Gratiadeus</subfield>
    <subfield code="3">IT\ICCU\CNCT\002510</subfield>
    <subfield code="z">Piccaglia, Giacomo &amp; Ferioli, Graziadio</subfield>
  </datafield>
  <datafield tag="801" ind1=" " ind2="3">
    <subfield code="a">IT</subfield>
    <subfield code="b">ICCU</subfield>
    <subfield code="c">20201115</subfield>
  </datafield>
  <datafield tag="899" ind1=" " ind2=" ">
    <subfield code="a">Biblioteca nazionale Braidense. Milano</subfield>
    <subfield code="1">MI0185</subfield>
    <subfield code="2">MIL NB</subfield>
  </datafield>
</record>
</collection>
